@article{fraudealfisco,
	author    = {Corte Suprema - Derecho Penal},
	title     = {Fraude al Fisco},
	url       = {https://biblio.dpp.cl/datafiles/16254.pdf},
	year      = {07-febrero-2018},
	pages     = {1--30}
}
@article{malversacion,
	author    = {Corte Suprema - Derecho Penal},
	title     = {Corte de Apelaciones de Valdivia Contra Delgado Álvarez, Gastón},
	url       = {https://drive.google.com/file/d/1lK5NSLNJOd9S86U5e5Jl_4QfbnQgNplc/view?usp=drive_link},
	year      = {3-julio-2009},
	pages     = {1--14}
}
@article{cohecho,
	author    = {Poder Judicial},
	title     = {3° Juzgado de Garantía de Santiago deja en prisión preventiva a alcalde de Recoleta por administración desleal, estafa y fraude al fisco},
	url       = {https://www.pjud.cl/prensa-y-comunicaciones/noticias-del-poder-judicial/110088},
	year      = {03-junio-2024},
}
@article{Falsificacion,
	author    = {Poder Judicial},
	title     = {Corte de Apelaciones de Chillán ordena el arresto domiciliario total de alcalde de San Ignacio},
	url       = {https://www.pjud.cl/prensa-y-comunicaciones/noticias-del-poder-judicial/103003},
	year      = {21-diciembre-2023},
}
@article{LavadoActivos,
	author    = {Poder Judicial},
	title     = {Juzgado de Garantía de Rancagua confirma la prisión preventiva de ex alcalde de la comuna},
	url       = {https://www.pjud.cl/prensa-y-comunicaciones/noticias-del-poder-judicial/114747},
	year      = {06-septiembre-2024},
}
@article{Irregularidades,
	author    = {Poder Judicial},
	title     = {Corte de Santiago ordena a municipalidad emitir nuevo pronunciamiento sobre cierre de patio de comida},
	url       = {https://www.pjud.cl/prensa-y-comunicaciones/noticias-del-poder-judicial/116845},
	year      = {24-octubre-2024},
}
