
@online{margarita1,
	ALTauthor = {Génesis Friz},
	title = {Los 3 alcaldes indagados por presuntos casos de corrupción tras elecciones municipales en Valparaíso},
	date = {29-octubre-2024},
	url = {https://www.biobiochile.cl/noticias/nacional/region-de-valparaiso/2024/10/29/los-3-alcaldes-indagados-por-presuntos-casos-de-corrupcion-tras-elecciones-municipales-en-valparaiso.shtml}
}

@online{margarita2,
	ALTauthor = {Mauricio Palazzo},
	title = {Insólito: una alcaldesa chilena presidió el Concejo Municipal con una muñeca},
	date = {05-Septiembre-2024},
	url = {https://www.infobae.com/america/america-latina/2024/09/05/insolito-una-alcaldesa-chilena-presidio-el-concejo-municipal-con-una-muneca/}
}


@online{margarita3,
	ALTauthor = {Meganoticias},
	title = {Alcaldesa de Nogales es imputada por estafa: Buscará reelección municipal},
	date = {23-Julio-2024},
	url = {https://www.youtube.com/watch?v=4NMl1MW09cE}
}
@online{oscar1,
	ALTauthor = {Juan Riquelme D.},
	title = {Condenan a pagar 221 millones y a 5 años de libertad vigilada a ex alcalde de Nogales por hechos de corrupción},
	date = {23-Marzo-2019},
	url = {https://www.soychile.cl/Quillota/Sociedad/2019/03/15/585998/Declaran-culpable-a-ex-alcalde-de-Nogales-y-otros-funcionarios-por-hechos-de-corrupcion.aspx}
}
@online{oscar2,
	ALTauthor = {Puranoticia},
	title = {Corrupción en Nogales: ex alcalde Cortés fue condenado a pagar millonaria multa, pero en libertad},
	date = {24-marzo-2019},
	url = {https://puranoticia.pnt.cl/noticias/regiones/corrupcion-en-nogales-ex-alcalde-cortes-fue-condenado-a-pagar/2019-03-24/093850.html}
}
@online{oscar3,
	ALTauthor = {Nicolás Díaz},
	title = {Sentencian a cinco años de libertad vigilada y pago millonario a exalcalde de Nogales},
	date = {25-marzo-2019},
	url = {https://www.biobiochile.cl/noticias/nacional/region-de-valparaiso/2019/03/25/sentencian-a-cinco-anos-de-libertad-vigilada-y-pago-millonario-a-exalcalde-de-nogales.shtml}
}